<record><leader>00000cas a22000007a 4500</leader><controlfield tag="001">14769372</controlfield><controlfield tag="008">861119d1969197uwvu x pe      0    0eng d</controlfield><datafield ind1=" " ind2=" " tag="010"><subfield code="a">sn2001062009</subfield></datafield><datafield ind1=" " ind2=" " tag="040"><subfield code="a">KFS</subfield><subfield code="b">eng</subfield><subfield code="c">KFS</subfield><subfield code="d">OCL</subfield><subfield code="d">NYS</subfield><subfield code="d">UPM</subfield><subfield code="d">OCLCQ</subfield></datafield><datafield ind1=" " ind2=" " tag="042"><subfield code="a">msc</subfield></datafield><datafield ind1=" " ind2=" " tag="043"><subfield code="a">n-us---</subfield></datafield><datafield ind1="1" ind2="4" tag="050"><subfield code="a">HD6515.M615</subfield><subfield code="b">M56</subfield></datafield><datafield ind1="0" ind2=" " tag="130"><subfield code="a">Miner's voice (Morgantown, W. Va.)</subfield></datafield><datafield ind1="1" ind2="4" tag="245"><subfield code="a">The miner's voice.</subfield></datafield><datafield ind1=" " ind2=" " tag="260"><subfield code="a">Morgantown, W. Va. :</subfield><subfield code="b">Committee for Miners' Rights,</subfield><subfield code="c">1969-</subfield></datafield><datafield ind1=" " ind2=" " tag="300"><subfield code="a">v. :</subfield><subfield code="b">ill. ;</subfield><subfield code="c">37-45 cm.</subfield></datafield><datafield ind1=" " ind2=" " tag="310"><subfield code="a">Irregular</subfield></datafield><datafield ind1="0" ind2=" " tag="362"><subfield code="a">Vol. 1, no. 1 (May 4, 1969)-</subfield></datafield><datafield ind1=" " ind2=" " tag="500"><subfield code="a">"A newspaper for the reform movement of the United Mine Workers of America," Feb./Mar. 1971.</subfield></datafield><datafield ind1=" " ind2=" " tag="500"><subfield code="a">"Special issue on the Hyden, Kentucky, mine disaster," Feb./Mar. 1971; special section "the full confession of Annette Gilly," Apr. 1972.</subfield></datafield><datafield ind1=" " ind2=" " tag="500"><subfield code="a">Publisher: Fund for the Future, Inc. &lt;Feb./Mar. 1971-&gt;</subfield></datafield><datafield ind1=" " ind2=" " tag="500"><subfield code="a">Published in Charleston, W. Va., &lt;Dec. 1971-&gt;</subfield></datafield><datafield ind1=" " ind2=" " tag="500"><subfield code="a">Editor: &lt;Feb./Mar. 1971&gt;-June 1972 Don Stillman; &lt;winter 1973&gt; Matt Witt.</subfield></datafield><datafield ind1=" " ind2=" " tag="550"><subfield code="a">"Paid for in large part by ... Miner's for Democracy," Feb./Mar. 1971.</subfield></datafield><datafield ind1=" " ind2=" " tag="588"><subfield code="a">Latest issue consulted: Vol. 3, no. 1 (winter 1973).</subfield></datafield><datafield ind1="2" ind2="0" tag="610"><subfield code="a">United Mine Workers of America</subfield><subfield code="v">Periodicals.</subfield></datafield><datafield ind1=" " ind2="0" tag="650"><subfield code="a">Coal miners</subfield><subfield code="x">Labor unions</subfield><subfield code="z">United States</subfield><subfield code="v">Periodicals.</subfield></datafield><datafield ind1=" " ind2="0" tag="650"><subfield code="a">Labor unions</subfield><subfield code="x">Corrupt practices</subfield><subfield code="v">Periodicals.</subfield></datafield><datafield ind1=" " ind2="0" tag="650"><subfield code="a">Labor unions</subfield><subfield code="x">Elections</subfield><subfield code="v">Periodicals.</subfield></datafield><datafield ind1="2" ind2=" " tag="710"><subfield code="a">Committee for Miners' Rights.</subfield></datafield><datafield ind1="2" ind2=" " tag="710"><subfield code="a">Fund for the Future.</subfield></datafield><datafield ind1="2" ind2=" " tag="710"><subfield code="a">Miners for Democracy.</subfield></datafield><datafield ind1="1" ind2=" " tag="029"><subfield code="a">AU@</subfield><subfield code="b">000022685304</subfield></datafield></record>